@article{beeby2006energy,
  title={Energy harvesting vibration sources for microsystems applications},
  author={Beeby, S Pꎬ and Tudor, M Jꎬ and White, NM},
  journal={Measurement science and technology},
  volume={17},
  number={12},
  pages={R175},
  year={2006},
  publisher={IOP Publishing}
}
@article{anton2007review,
  title={A review of power harvesting using piezoelectric materials (2003--2006)},
  author={Anton, Steven R and Sodano, Henry A},
  journal={Smart materials and Structures},
  volume={16},
  number={3},
  pages={R1},
  year={2007},
  publisher={IOP Publishing}
}
@article{zhou2018review,
  title={A review on heat and mechanical energy harvesting from human--Principles, prototypes and perspectives},
  author={Zhou, Maoying and Al-Furjan, Mohannad Saleh Hammadi and Zou, Jun and Liu, Weiting},
  journal={Renewable and Sustainable Energy Reviews},
  volume={82},
  pages={3582--3609},
  year={2018},
  publisher={Elsevier}
}
@article{safaei2019review,
  title={A review of energy harvesting using piezoelectric materials: state-of-the-art a decade later (2008--2018)},
  author={Safaei, Mohsen and Sodano, Henry A and Anton, Steven R},
  journal={Smart Materials and Structures},
  volume={28},
  number={11},
  pages={113001},
  year={2019},
  publisher={IOP Publishing}
}
@article{roundy2003study,
  title={A study of low level vibrations as a power source for wireless sensor nodes},
  author={Roundy, Shad and Wright, Paul K and Rabaey, Jan},
  journal={Computer communications},
  volume={26},
  number={11},
  pages={1131--1144},
  year={2003},
  publisher={Elsevier}
}



























@article{buckingham1914physically,
  title={On physically similar systems; illustrations of the use of dimensional equations},
  author={Buckingham, Edgar},
  journal={Physical review},
  volume={4},
  number={4},
  pages={345},
  year={1914},
  publisher={APS}
}

@article{erturk2008distributed,
  title={A distributed parameter electromechanical model for cantilevered piezoelectric energy harvesters},
  author={Erturk, Alper and Inman, Daniel J},
  journal={Journal of vibration and acoustics},
  volume={130},
  number={4},
  pages={041002},
  year={2008},
  publisher={American Society of Mechanical Engineers}
}

@article{erturk2009experimentally,
  title={An experimentally validated bimorph cantilever model for piezoelectric energy harvesting from base excitations},
  author={Erturk, Alper and Inman, Daniel J},
  journal={Smart materials and structures},
  volume={18},
  number={2},
  pages={025009},
  year={2009},
  publisher={IOP Publishing}
}

@article{shu2006efficiency,
  title={Efficiency of energy conversion for a piezoelectric power harvesting system},
  author={Shu, Yi-Chung and Lien, IC},
  journal={Journal of micromechanics and microengineering},
  volume={16},
  number={11},
  pages={2429},
  year={2006},
  publisher={IOP Publishing}
}

@article{shu2006analysis,
  title={Analysis of power output for piezoelectric energy harvesting systems},
  author={Shu, YC and Lien, IC},
  journal={Smart materials and structures},
  volume={15},
  number={6},
  pages={1499},
  year={2006},
  publisher={IOP Publishing}
}
@article{shu2007improved,
  title={An improved analysis of the SSHI interface in piezoelectric energy harvesting},
  author={Shu, YC and Lien, IC and Wu, WJ},
  journal={Smart Materials and Structures},
  volume={16},
  number={6},
  pages={2253},
  year={2007},
  publisher={IOP Publishing}
}
@article{qiu2009comparison,
  title={Comparison between four piezoelectric energy harvesting circuits},
  author={Qiu, Jinhao and Jiang, Hao and Ji, Hongli and Zhu, Kongjun},
  journal={Frontiers of Mechanical Engineering in China},
  volume={4},
  number={2},
  pages={153--159},
  year={2009},
  publisher={Springer}
}