@article{maurini2006numerical,
  title={Numerical methods for modal analysis of stepped piezoelectric beams},
  author={Maurini, C and Porfiri, Maurizio and Pouget, J},
  journal={Journal of Sound and Vibration},
  volume={298},
  number={4-5},
  pages={918--933},
  year={2006},
  publisher={Elsevier}
}
@article{park2003dynamics,
  title={Dynamics modelling of beams with shunted piezoelectric elements},
  author={Park, Chul-H},
  journal={Journal of Sound and vibration},
  volume={268},
  number={1},
  pages={115--129},
  year={2003},
  publisher={Elsevier}
}
@article{pineirua2015influence,
  title={Influence and optimization of the electrodes position in a piezoelectric energy harvesting flag},
  author={Pi{\~n}eirua, Miguel and Doar{\'e}, Olivier and Michelin, S{\'e}bastien},
  journal={Journal of Sound and Vibration},
  volume={346},
  pages={200--215},
  year={2015},
  publisher={Elsevier}
}
@article{erturk2009experimentally,
  title={An experimentally validated bimorph cantilever model for piezoelectric energy harvesting from base excitations},
  author={Erturk, Alper and Inman, Daniel J},
  journal={Smart materials and structures},
  volume={18},
  number={2},
  pages={025009},
  year={2009},
  publisher={IOP Publishing}
}
@misc{driscoll2014chebfun,
  title={Chebfun guide},
  author={Driscoll, Tobin A and Hale, Nicholas and Trefethen, Lloyd N},
  year={2014},
  publisher={Pafnuty Publications, Oxford}
}
@book{warlimont2018springer,
  title={Springer Handbook of Materials Data},
  author={Warlimont, Hans and Martienssen, Werner},
  year={2018},
  publisher={Springer}
}
@book{dean1999lange,
  title={Lange's handbook of chemistry},
  author={Dean, John Aurie},
  year={1999},
  publisher={New york; London: McGraw-Hill, Inc.}
}
@article{safaei2019review,
  title={A review of energy harvesting using piezoelectric materials: State-of-the-art a decade later (2008-2018)},
  author={Safaei, Mohsen and Sodano, Henry A and Anton, Steven R},
  journal={Smart Materials and Structures},
  year={2019},
  publisher={IOP Publishing}
}
@article{liu2018comprehensive,
  title={A comprehensive review on piezoelectric energy harvesting technology: Materials, mechanisms, and applications},
  author={Liu, Huicong and Zhong, Junwen and Lee, Chengkuo and Lee, Seung-Wuk and Lin, Liwei},
  journal={Applied Physics Reviews},
  volume={5},
  number={4},
  pages={041306},
  year={2018},
  publisher={AIP Publishing}
}