@article{beeby2006energy,
  title={Energy harvesting vibration sources for microsystems applications},
  author={Beeby, S Pꎬ and Tudor, M Jꎬ and White, NM},
  journal={Measurement science and technology},
  volume={17},
  number={12},
  pages={R175},
  year={2006},
  publisher={IOP Publishing}
}
@article{anton2007review,
  title={A review of power harvesting using piezoelectric materials (2003--2006)},
  author={Anton, Steven R and Sodano, Henry A},
  journal={Smart materials and Structures},
  volume={16},
  number={3},
  pages={R1},
  year={2007},
  publisher={IOP Publishing}
}
@article{zhou2018review,
  title={A review on heat and mechanical energy harvesting from human--Principles, prototypes and perspectives},
  author={Zhou, Maoying and Al-Furjan, Mohannad Saleh Hammadi and Zou, Jun and Liu, Weiting},
  journal={Renewable and Sustainable Energy Reviews},
  volume={82},
  pages={3582--3609},
  year={2018},
  publisher={Elsevier}
}
@article{safaei2019review,
  title={A review of energy harvesting using piezoelectric materials: state-of-the-art a decade later (2008--2018)},
  author={Safaei, Mohsen and Sodano, Henry A and Anton, Steven R},
  journal={Smart Materials and Structures},
  volume={28},
  number={11},
  pages={113001},
  year={2019},
  publisher={IOP Publishing}
}
@article{roundy2003study,
  title={A study of low level vibrations as a power source for wireless sensor nodes},
  author={Roundy, Shad and Wright, Paul K and Rabaey, Jan},
  journal={Computer communications},
  volume={26},
  number={11},
  pages={1131--1144},
  year={2003},
  publisher={Elsevier}
}
@article{dutoit2005design,
  title={Design considerations for MEMS-scale piezoelectric mechanical vibration energy harvesters},
  author={Dutoit, No{\"e}l E and Wardle, Brian L and Kim, Sang-Gook},
  journal={Integrated ferroelectrics},
  volume={71},
  number={1},
  pages={121--160},
  year={2005},
  publisher={Taylor \& Francis}
}
@article{stephen2006energy,
  title={On energy harvesting from ambient vibration},
  author={Stephen, Neil G},
  journal={Journal of sound and vibration},
  volume={293},
  number={1-2},
  pages={409--425},
  year={2006},
  publisher={Elsevier}
}
@article{cottone2009nonlinear,
  title={Nonlinear energy harvesting},
  author={Cottone, Francesco and Vocca, Helios and Gammaitoni, Luca},
  journal={Physical Review Letters},
  volume={102},
  number={8},
  pages={080601},
  year={2009},
  publisher={APS}
}
@article{erturk2008mechanical,
  title={On mechanical modeling of cantilevered piezoelectric vibration energy harvesters},
  author={Erturk, Alper and Inman, Daniel J},
  journal={Journal of intelligent material systems and structures},
  volume={19},
  number={11},
  pages={1311--1325},
  year={2008},
  publisher={Sage Publications Sage UK: London, England}
}
@book{crandall1968dynamics,
  title={Dynamics of mechanical and electromechanical systems},
  author={Crandall, Stephen H},
  year={1968},
  publisher={McGraw-Hill}
}

@book{kreyszig1978introductory,
  title={Introductory functional analysis with applications},
  author={Kreyszig, Erwin},
  volume={1},
  year={1978},
  publisher={wiley New York}
}

@article{hagood1990modelling,
  title={Modelling of piezoelectric actuator dynamics for active structural control},
  author={Hagood, Nesbitt W and Chung, Walter H and Von Flotow, Andreas},
  journal={Journal of intelligent material systems and structures},
  volume={1},
  number={3},
  pages={327--354},
  year={1990},
  publisher={Sage Publications Sage CA: Thousand Oaks, CA}
}
@article{sodano2004estimation,
  title={Estimation of electric charge output for piezoelectric energy harvesting},
  author={Sodano, Henry A and Park, G and Inman, DJ},
  journal={Strain},
  volume={40},
  number={2},
  pages={49--58},
  year={2004},
  publisher={Wiley Online Library}
}
@article{lu2003modeling,
  title={Modeling and analysis of micro piezoelectric power generators for micro-electromechanical-systems applications},
  author={Lu, F and Lee, HP and Lim, SP},
  journal={Smart Materials and Structures},
  volume={13},
  number={1},
  pages={57},
  year={2003},
  publisher={IOP Publishing}
}
@article{lin2007modeling,
  title={Modeling and simulation of piezoelectric MEMS energy harvesting device},
  author={Lin, JH and Wu, XM and Ren, TL and Liu, LT},
  journal={Integrated Ferroelectrics},
  volume={95},
  number={1},
  pages={128--141},
  year={2007},
  publisher={Taylor \& Francis}
}
@article{chen2006analytical,
  title={Analytical modeling of piezoelectric vibration-induced micro power generator},
  author={Chen, Shih-Nung and Wang, Gou-Jen and Chien, Ming-Chun},
  journal={Mechatronics},
  volume={16},
  number={7},
  pages={379--387},
  year={2006},
  publisher={Elsevier}
}
@article{ajitsaria2007modeling,
  title={Modeling and analysis of a bimorph piezoelectric cantilever beam for voltage generation},
  author={Ajitsaria, Jyoti and Choe, Song-Yul and Shen, D and Kim, DJ},
  journal={Smart Materials and Structures},
  volume={16},
  number={2},
  pages={447},
  year={2007},
  publisher={IOP Publishing}
}




@article{erturk2009effect,
  title={Effect of strain nodes and electrode configuration on piezoelectric energy harvesting from cantilevered beams},
  author={Erturk, Alper and Tarazaga, Pablo A and Farmer, Justin R and Inman, Daniel J},
  journal={Journal of Vibration and Acoustics},
  volume={131},
  number={1},
  pages={011010},
  year={2009},
  publisher={American Society of Mechanical Engineers}
}






@article{liao2008model,
  title={Model of a single mode energy harvester and properties for optimal power generation},
  author={Liao, Yabin and Sodano, Henry A},
  journal={Smart Materials and Structures},
  volume={17},
  number={6},
  pages={065026},
  year={2008},
  publisher={IOP Publishing}
}
@article{liao2012optimal,
  title={Optimal placement of piezoelectric material on a cantilever beam for maximum piezoelectric damping and power harvesting efficiency},
  author={Liao, Yabin and Sodano, Henry A},
  journal={Smart materials and structures},
  volume={21},
  number={10},
  pages={105014},
  year={2012},
  publisher={IOP Publishing}
}










@article{buckingham1914physically,
  title={On physically similar systems; illustrations of the use of dimensional equations},
  author={Buckingham, Edgar},
  journal={Physical review},
  volume={4},
  number={4},
  pages={345},
  year={1914},
  publisher={APS}
}

@article{erturk2008distributed,
  title={A distributed parameter electromechanical model for cantilevered piezoelectric energy harvesters},
  author={Erturk, Alper and Inman, Daniel J},
  journal={Journal of vibration and acoustics},
  volume={130},
  number={4},
  pages={041002},
  year={2008},
  publisher={American Society of Mechanical Engineers}
}

@article{erturk2009experimentally,
  title={An experimentally validated bimorph cantilever model for piezoelectric energy harvesting from base excitations},
  author={Erturk, Alper and Inman, Daniel J},
  journal={Smart materials and structures},
  volume={18},
  number={2},
  pages={025009},
  year={2009},
  publisher={IOP Publishing}
}

@article{shu2006efficiency,
  title={Efficiency of energy conversion for a piezoelectric power harvesting system},
  author={Shu, Yi-Chung and Lien, IC},
  journal={Journal of micromechanics and microengineering},
  volume={16},
  number={11},
  pages={2429},
  year={2006},
  publisher={IOP Publishing}
}

@article{shu2006analysis,
  title={Analysis of power output for piezoelectric energy harvesting systems},
  author={Shu, YC and Lien, IC},
  journal={Smart materials and structures},
  volume={15},
  number={6},
  pages={1499},
  year={2006},
  publisher={IOP Publishing}
}
@article{shu2007improved,
  title={An improved analysis of the SSHI interface in piezoelectric energy harvesting},
  author={Shu, YC and Lien, IC and Wu, WJ},
  journal={Smart Materials and Structures},
  volume={16},
  number={6},
  pages={2253},
  year={2007},
  publisher={IOP Publishing}
}
@article{qiu2009comparison,
  title={Comparison between four piezoelectric energy harvesting circuits},
  author={Qiu, Jinhao and Jiang, Hao and Ji, Hongli and Zhu, Kongjun},
  journal={Frontiers of Mechanical Engineering in China},
  volume={4},
  number={2},
  pages={153--159},
  year={2009},
  publisher={Springer}
}
@book{weaver1990vibration,
  title={Vibration problems in engineering},
  author={Weaver Jr, William and Timoshenko, Stephen P and Young, Donovan Harold},
  year={1990},
  publisher={John Wiley \& Sons}
}




@book{erturk2011piezoelectric,
  title={Piezoelectric Energy Harvesting},
  author={Erturk, Alper and Inman, Daniel J. },
  year={2011},
  publisher={John Wiley \& Sons}
}